@misc{cse417dfs2021,
  title        = {DFS, Graph Modeling},
  year         = {2021},
  institution  = {University of Washington, CSE 417 Winter 2021},
  note         = {Lecture 6},
  url          = {https://courses.cs.washington.edu/courses/cse417/21wi/lecture/06-DFS-model.pdf},
  howpublished = {\url{https://courses.cs.washington.edu/courses/cse417/21wi/lecture/06-DFS-model.pdf}}
}

@misc{dukegraph2017,
  title        = {Graph Algorithms: Types of Edges},
  author       = {Rong Ge and Will Long (Scribe)},
  year         = {2017},
  institution  = {Duke University, COMPSCI 330 Fall 2017},
  note         = {Lecture 12},
  url          = {https://courses.cs.duke.edu/fall17/compsci330/lecture12note.pdf},
  howpublished = {\url{https://courses.cs.duke.edu/fall17/compsci330/lecture12note.pdf}}
}e

@misc{clrs22-1,
  author       = {P.-Y. Chen},
  title        = {Chapter 22.1: Breadth-First Search -- CLRS Solutions},
  year         = {2017--2024},
  url          = {https://walkccc.me/CLRS/Chap22/Problems/22-1/},
  note         = {Built by P.-Y. Chen, made with Material for MkDocs. Accessed: 2024-06-15},
  howpublished = {\url{https://walkccc.me/CLRS/Chap22/Problems/22-1/}}
}
